@article{inifinigen,
  title={Infinite Photorealistic Worlds Using Procedural Generation},
  author={Alexander R. E. Raistrick and Lahav Lipson and Zeyu Ma and Lingjie Mei and Mingzhe Wang and Yiming Zuo and Karhan Kayan and Hongyu Wen and Beining Han and Yihan Wang and Alejandro Newell and Hei Law and Ankit Goyal and Kaiyu Yang and Jia Deng},
  journal={2023 IEEE/CVF Conference on Computer Vision and Pattern Recognition (CVPR)},
  year={2023},
  pages={12630-12641},
  doi={https://doi.org/10.1109/cvpr52729.2023.01215}
}

@phdthesis{sponge_growth,
	doi = {10.26686/wgtn.23994540},
	url = {https://doi.org/10.26686%2Fwgtn.23994540},
	publisher = {Victoria University of Wellington Library},
	author = {and Joshua O{\textquotesingle}Hagan},
	title = {Simulating the Geometric Growth of the Marine Sponge Crella incrustans}
}

@article{Kaandorp_2013,
	doi = {10.1155/2013/159170},
	url = {https://doi.org/10.1155%2F2013%2F159170},
	year = 2013,
	month = {feb},
	publisher = {Hindawi Limited},
	volume = {2013},
	pages = {1--14},
	author = {Jaap A. Kaandorp},
	title = {Macroscopic Modelling of Environmental Influence on Growth and Form of Sponges and Corals Using the Accretive Growth Model},
	journal = {{ISRN} Biomathematics}
}

@article{synthetic_silviculture,
    author = {Makowski, Mi\l{}osz and H\"{a}drich, Torsten and Scheffczyk, Jan and Michels, Dominik L. and Pirk, S\"{o}ren and Pa\l{}ubicki, Wojtek},
    title = {Synthetic Silviculture: Multi-Scale Modeling of Plant Ecosystems},
    year = {2019},
    issue_date = {August 2019},
    publisher = {Association for Computing Machinery},
    address = {New York, NY, USA},
    volume = {38},
    number = {4},
    issn = {0730-0301},
    url = {https://doi.org/10.1145/3306346.3323039},
    doi = {10.1145/3306346.3323039},
    month = {jul},
    articleno = {131},
    numpages = {14},
    keywords = {multi-scale, interactive modeling, visual models of trees, self-similarity, ecosystem design, self-organization, botanical tree models, plant ecosystems, natural phenomena}
}

@article{coral_community_main,
	doi = {10.7554/elife.55993},
	url = {https://doi.org/10.7554%2Felife.55993},
	year = 2020,
	month = {jul},
	publisher = {{eLife} Sciences Publications, Ltd},
	volume = {9},
	author = {Bruno Sylvain Carturan and Jason Pither and Jean-Philippe Mar{\'{e}}chal and Corey JA Bradshaw and Lael Parrott},
	title = {Combining agent-based, trait-based and demographic approaches to model coral-community dynamics},
	journal = {{eLife}}
}

@article{coral_community_3D,
	doi = {10.1007/s00338-020-01947-1},
	url = {https://doi.org/10.1007%2Fs00338-020-01947-1},
	year = 2020,
	month = {jun},
	publisher = {Springer Science and Business Media {LLC}},
	volume = {39},
	number = {4},
	pages = {1147--1161},
	author = {Anna K. Cresswell and Damian P. Thomson and Michael D. E. Haywood and Michael Renton},
	title = {Frequent hydrodynamic disturbances decrease the morphological diversity and structural complexity of 3D simulated coral communities},
	journal = {Coral Reefs}
}

@article{space_filling_competition,
	doi = {10.7717/peerj.11213},
	url = {https://doi.org/10.7717%2Fpeerj.11213},
	year = 2021,
	month = {jun},
	publisher = {{PeerJ}},
	volume = {9},
	pages = {e11213},
	author = {Emma E. George and James A. Mullinix and Fanwei Meng and Barbara A. Bailey and Clinton Edwards and Ben Felts and Andreas F. Haas and Aaron C. Hartmann and Benjamin Mueller and Ty N.F. Roach and Peter Salamon and Cynthia Silveira and Mark J.A. Vermeij and Forest Rohwer and Antoni Luque},
	title = {Space-filling and benthic competition on coral reefs},
	journal = {{PeerJ}}
}

@article{coral_models_review,
title = {How models can support ecosystem-based management of coral reefs},
journal = {Progress in Oceanography},
volume = {138},
pages = {559-570},
year = {2015},
note = {Combining Modeling and Observations to Better Understand Marine Ecosystem Dynamics},
issn = {0079-6611},
doi = {https://doi.org/10.1016/j.pocean.2014.12.017},
url = {https://www.sciencedirect.com/science/article/pii/S0079661114002274},
author = {Mariska Weijerman and Elizabeth A. Fulton and Annette B.G. Janssen and Jan J. Kuiper and Rik Leemans and Barbara J. Robson and Ingrid A. {van de Leemput} and Wolf M. Mooij},
}


@article{agent_based_validation,
   title = {The ODD Protocol for Describing Agent-Based and Other Simulation Models: A Second Update to Improve Clarity, Replication, and Structural Realism},
   author = {Grimm, Volker and Railsback, Steven F. and Vincenot, Christian E. and Berger, Uta and Gallagher, Cara and DeAngelis, Donald L. and Edmonds, Bruce and Ge, Jiaqi and Giske, Jarl and Groeneveld, J\"{u}rgen and Johnston, Alice S.A. and Milles, Alexander and Nabe-Nielsen, Jacob and Polhill, J. Gareth and Radchuk, Viktoriia and Rohw\"{a}der, Marie-Sophie and Stillman, Richard A. and Thiele, Jan C. and Ayll\'{o}n, Daniel},
   journal = {Journal of Artificial Societies and Social Simulation},
   ISSN = {1460-7425},
   volume = {23},
   number = {2},
   pages = {7},
   year = {2020},
   URL = {http://jasss.soc.surrey.ac.uk/23/2/7.html},
   DOI = {10.18564/jasss.4259},
   keywords = {Agent-Based Model, Individual-Based Model, Best Practice, Simulation Model, Standardization, Documentation}
}		

@book{corals_book_1983,
  title={Corals of the world: biology and field guide},
  author={Wood, Elizabeth M},
  year={1983},
  publisher={TFH Publications, distributed by TFH Publications, Neptune City NJ}
}

@article{polyp_growth,
  title={Polyp oriented modelling of coral growth},
  author={Merks, Roeland MH and Hoekstra, Alfons G and Kaandorp, Jaap A and Sloot, Peter MA},
  journal={Journal of Theoretical Biology},
  volume={228},
  number={4},
  pages={559--576},
  year={2004},
  publisher={Elsevier}
}

@book{threejs,
  title={Learning Three. js: the JavaScript 3D library for WebGL},
  author={Dirksen, Jos},
  year={2013},
  publisher={Packt Publishing Ltd}
}

@misc{nodejs,
  title={Node. js},
  author={NodeJS, Documentaci{\'o}n},
  year={2021}
}

@TechReport{webgpu,
  author      = "Kai Ninomiya and Jim Blandy and Brandon Jones",
  title       = "{WebGPU}",
  month       = "Nov",
  note        = "https://www.w3.org/TR/2023/WD-webgpu-20231115/",
  year        = "2023",
  bibsource   = "https://w2.syronex.com/jmr/w3c-biblio",
  type        = "{W3C} Working Draft",
  institution = "W3C",
}
